@article{citheater2019,
  title={Continuous Integration Theater},
  author={Wagner Felidré et Al},
  year={2019},
  publisher={IEEE}
}

@article{hilton2016,
  title={Continuous Integration (CI) Needs and Wishes for Developers of Proprietary Code},
  author={Michael Hilton et Al},
  year={2016},
}

@article{savor2015,
  title={Continuous Deployment at Facebook and OANDA},
  author={Tony Savor, Mitchel Douglas and Michael Gentili},
  year={2016},
}

@online{stateAgileReport2020,
  title = {14th Annual State of Agile Report},
  year = 2020,
  url = {https://stateofagile.com/#ufh-i-615706098-14th-annual-state-of-agile-report/7027494},
  urldate = {2020-09-07}
}

@online{portoDigital,
  title = {O QUE É O PORTO DIGITAL},
  year = 2020,
  url = {https://www.portodigital.org/parque/o-que-e-o-porto-digital},
  urldate = {2020-09-07}
}

@article{empiricalStudy2016,
  title={An empirical study on principles and practices of continuous delivery and deployment},
  author={Schermann, Gerald, et al.},
  year={2016},
  publisher={PeerJ Preprints}
}

@inproceedings{debbiche2014challenges,
  title={Challenges when adopting continuous integration: A case study},
  author={Debbiche, Adam and Dien{\'e}r, Mikael and Svensson, Richard Berntsson},
  booktitle={International Conference on Product-Focused Software Process Improvement},
  pages={17--32},
  year={2014},
  organization={Springer}
}

@article{groundedTheory,
  title={Basics of Grounded Theory Analysis: Emergence Vs. Forcing},
  author={Barney G. Glaser},
  year={1992},
  organization={Sociology Pr}
}

@article{gitFlow,
  title={GitFlow: Flow revision management for software-defined networks},
  author={Abhishek DWARAKI et al},
  year={2015},
  organization={Proceedings of the 1st ACM SIGCOMM Symposium on Software Defined Networking Research}
}

@online{featureToggles,
  title = {Feature Toggles},
  author={P. Hodgson.},
  url = {https://martinfowler.com/articles/feature-toggles.html},
  urldate = {2020-04-17}
}

@article{testsAB,
  author          = {Ron Kohavi et al},
  title           = {Practical Guide to Controlled Experiments on the Web:
Listen to Your Customers not to the HiPPO},
  organization         = {Proceedings of the 13th ACM SIGKDD international conference on Knowledge discovery and data mining},
  pages           = {956-967},
  year            = {Agosto 2007}
}

@article{agileSoftwareDevelopment,
  author          = {Highsmith, J. and Cockburn, A.},
  title           = {Agile software development: the business of innovation},
  journal         = {Compute},
  pages= {120–127},
  volume          = {34(9)},
  doi             = {10.1109/2.947100},
  year            = {2001}
}

@article{experienciaComAgil,
  author          = {FILHO, D. L. B.},
  title           = {Experiências com desenvolvimento ágil},
  journal         = {Instituto de Matemática e Estatística da Universidade de São Paulo (Dissertação de Mestrado)},
  year            = {2008}
}

@book{scrumBook,
  author         = {Schwaber, K. e Beedle, M.},
  title          = {Agile Software Development with SCRUM},
  publisher      = {Prentice-Hall},
  year           = {2002}
}

@book{devopsBook,
  author         = {L. Bass, I. Weber, e L. Zhu.},
  title          = {DevOps: A Software Architect's Perspective.},
  publisher      = {Addison-Wesley Professional},
  year           = {2015}
}

@online{devopsWiki,
  title = {DevOps},
  author={-},
  url = {https://pt.wikipedia.org/wiki/DevOps},
  urldate = {2020-04-20}
}

@article{flickrTalk,
  title = {10+ deploys per day: Dev and ops cooperation at Flickr},
  author={Allspaw, John, e Paul Hammond},
  publisher      = {In: Velocity: Web Performance and Operations Conference},
  year           = {2009}
}

@article{adoiptingDevops,
  author          = {Welder Pinheiro Luz, Gustavo Pinto e Rodrigo Bonifácio},
  title           = {Adopting DevOps in the real world: A theory, a model, and a case study},
  journal         = {Journal of Systems and Software},
  volume          = {157},
  year            = {2019}
}

@online{fowlerCI,
  title = {Continuous Integration},
  author={Martin Fowler},
  url = {https://martinfowler.com/articles/continuousIntegration.html},
  urldate = {2020-04-20}
}

@online{fowlerCD,
  title = {Continuous Delivery},
  author={Martin Fowler},
  url = {https://martinfowler.com/bliki/ContinuousDelivery.html},
  urldate = {2020-04-20}
}

@article{devAndDeploymentFB,
  author = {D. G. Feitelson, E. Frachtenberg, e K. L. Beck},
  title={Development and Deployment at Facebook},
  journal         = {IEEE Internet Computing},
  volume          = {17(4):8-17},
  year            = {2013}
}

@article{awa,
  author={A. Rahman, E. Helms, L. Williams e C. Parnin},
  title = {Synthesizing continuous deployment practices used in software development},
  publisher = {In Agile Conference (AGILE)},
  year  = {2015}
}

@book{continuousDeliveryBook,
  author         = {J. Humble and D. Farley},
  title          = {Continuous Delivery: Reliable Software Releases Through Build, Test, and Deployment Automation.},
  publisher      = {Addison-Wesley Professional},
  year           = {2010}
}

@article{codeReview,
  author={Bacchelli et al},
  title = {Expectations, outcomes, and challenges of modern code review},
  publisher = {35th International Conference on Software Engineering (ICSE)},
  doi = {10.1109/icse.2013.6606617},
  year  = {2013}
}

@online{googleCi,
  title = {Tools for Continuous Integration at Google Scale},
  author={John Micco},
  url = {https://www.youtube.com/watch?v=KH2_sB1A6lA},
  urldate = {2020-04-20}
}


https://sdarchitect.blog/2013/10/16/understanding-devops-part-6-continuous-deployment/
https://sdarchitect.blog/2012/07/24/understanding-devops-part-1-defining-devops/
https://en.wikipedia.org/wiki/DevOps
https://steveblank.com/2014/01/06/15756/
